@Book{Wooldridge2010,
  title = {Introduccion a la Econometria. Un enfoque moderno},
  author = {Wooldridge Jeffrey},
  publisher = {Cengage},
  year = {2010},
  edition = {4ª edición},
}

@Book{Maddala1996,
  title = {Introducción a la Econometría},
  author = {Maddala Gangadharrao Soundalyarao},
  publisher = {Prentice Hall Hispanoaméricana S.A},
  address = {Capital federal, México},
  year = {1996},
  edition = {1ª edición},
  note = {ISBN 978-1498716963},
}